<?xml version="1.0" encoding="UTF-8"?><collection xmlns="http://www.loc.gov/MARC21/slim"><record><leader>00375nam--2200145-i-4500</leader><controlfield tag="001">000034387</controlfield><controlfield tag="002">20161230</controlfield><controlfield tag="005">20161230201040</controlfield><controlfield tag="008">060222s1000------------r-----000-0-eng-d</controlfield><datafield ind1=" " ind2=" " tag="080"><subfield code="a">547.52</subfield></datafield><datafield ind1=" " ind2=" " tag="245"><subfield code="a">Nonbenzoid armatics</subfield></datafield><datafield ind1=" " ind2=" " tag="260"><subfield code="a">New York, Acad.Press, 1969, Xii + 371p</subfield></datafield><datafield ind1=" " ind2=" " tag="490"><subfield code="a">Organic Chemistry. A Series Of Monographs</subfield></datafield><datafield ind1=" " ind2=" " tag="700"><subfield code="a">Snyder, James P</subfield></datafield><datafield ind1=" " ind2=" " tag="852"><subfield code="a">21865</subfield></datafield></record></collection>